<?xml version="1.0" encoding="UTF-8"?><collection xmlns="http://www.loc.gov/MARC21/slim"><record><leader>00431nam--2200133-i-4500</leader><controlfield tag="001">000034223</controlfield><controlfield tag="002">20161230</controlfield><controlfield tag="005">20161230201039</controlfield><controlfield tag="008">060222s1000------------r-----000-0-eng-d</controlfield><datafield ind1=" " ind2=" " tag="080"><subfield code="a">539.172.3(043):543.42(043):539.143.43.078(043)</subfield></datafield><datafield ind1=" " ind2=" " tag="100"><subfield code="a">Motte, Jean-pierre</subfield></datafield><datafield ind1=" " ind2=" " tag="245"><subfield code="a">Contribution a l`etude des nitrures ternaires a caractere ionizue. /these</subfield></datafield><datafield ind1=" " ind2=" " tag="260"><subfield code="a">Nancy, L`Univ.De Nancy, Faculte Des Sciences, 1970, 47p</subfield></datafield><datafield ind1=" " ind2=" " tag="852"><subfield code="a">35776</subfield></datafield></record></collection>